<record><leader>00000cas a2200000 a 4500</leader><controlfield tag="001">17197000</controlfield><controlfield tag="008">871207d18861941fluwr ne      0    0eng c</controlfield><datafield ind1=" " ind2=" " tag="010"><subfield code="a">sn 93062869 </subfield></datafield><datafield ind1=" " ind2=" " tag="040"><subfield code="a">NDD</subfield><subfield code="b">eng</subfield><subfield code="c">NDD</subfield><subfield code="d">YOX</subfield><subfield code="d">FUG</subfield><subfield code="d">OCLCQ</subfield><subfield code="d">KRTAS</subfield><subfield code="d">OCLCQ</subfield><subfield code="d">OCLCF</subfield><subfield code="d">OCLCO</subfield></datafield><datafield ind1=" " ind2=" " tag="012"><subfield code="i">9511</subfield></datafield><datafield ind1="1" ind2=" " tag="029"><subfield code="a">AU@</subfield><subfield code="b">000025874222</subfield></datafield><datafield ind1=" " ind2=" " tag="042"><subfield code="a">pcc</subfield></datafield><datafield ind1=" " ind2=" " tag="043"><subfield code="a">n-us-fl</subfield></datafield><datafield ind1=" " ind2=" " tag="092"><subfield code="a">287.605</subfield><subfield code="b">F636, C555x</subfield></datafield><datafield ind1="0" ind2="4" tag="245"><subfield code="a">The Florida Christian advocate.</subfield></datafield><datafield ind1=" " ind2=" " tag="260"><subfield code="a">Sanford, Fla. :</subfield><subfield code="b">Sanford Pub. Co.</subfield></datafield><datafield ind1=" " ind2=" " tag="300"><subfield code="a">v. :</subfield><subfield code="b">ill. ;</subfield><subfield code="c">31-37 cm.</subfield></datafield><datafield ind1=" " ind2=" " tag="310"><subfield code="a">Weekly</subfield></datafield><datafield ind1="1" ind2=" " tag="362"><subfield code="a">Began in 1886?</subfield><subfield code="z">Cf. Union list of serials.</subfield></datafield><datafield ind1="0" ind2=" " tag="362"><subfield code="a">-v. 52, no. 5 (Jan. 30, 1941).</subfield></datafield><datafield ind1=" " ind2=" " tag="500"><subfield code="a">Editor and Publisher: Josephus Anderson, Sept. 9, 1890-&lt;Dec. 25, 1901&gt;.</subfield></datafield><datafield ind1=" " ind2=" " tag="500"><subfield code="a">Published by: Hill Print. Co., &lt;1902&gt;; J.C. Trice, &lt;Jan. 26, 1904&gt;; Live Oak Co., &lt;July 23, 1907&gt;; Publishing Committee Florida Christian Advocate, &lt;Jan. 28, 1909-1910&gt;.</subfield></datafield><datafield ind1=" " ind2=" " tag="500"><subfield code="a">Published in: Leesburg, Fla., Apr. 9, 1889-&lt;Dec. 25, 1901&gt;; Gainesville, Fla., &lt;1902&gt;; Tallahassee, Fla., &lt;Jan. 26, 1904&gt;; Live Oak, Fla., &lt;July 23, 1907&gt;; Jacksonville, Fla., &lt;Jan. 28, 1909-1910&gt;; Lakeland, Fla., &lt;1914-1941&gt;.</subfield></datafield><datafield ind1=" " ind2=" " tag="550"><subfield code="a">Official organ of: the Florida Annual Conference, Apr. 1, 1886-&lt;Dec. 25, 1901&gt;; the Florida Conference of the Methodist Episcopal Church, South, &lt;Jan. 12, 1904-Aug. 3, 1939&gt;; the Florida Conference of the Methodist Church, Aug. 10, 1939-1941.</subfield></datafield><datafield ind1=" " ind2=" " tag="588"><subfield code="a">Description based on: Vol. 1, no. 5 (Apr. 1, 1886).</subfield></datafield><datafield ind1=" " ind2=" " tag="588"><subfield code="a">Latest issue consulted: Vol. 52, no. 4 (Jan. 23, 1941).</subfield></datafield><datafield ind1=" " ind2="0" tag="650"><subfield code="a">Methodists</subfield><subfield code="z">Florida</subfield><subfield code="v">Newspapers.</subfield></datafield><datafield ind1=" " ind2="0" tag="651"><subfield code="a">Sanford (Fla.)</subfield><subfield code="v">Newspapers.</subfield></datafield><datafield ind1=" " ind2="0" tag="651"><subfield code="a">Seminole County (Fla.)</subfield><subfield code="v">Newspapers.</subfield></datafield><datafield ind1=" " ind2="0" tag="651"><subfield code="a">Leesburg (Fla.)</subfield><subfield code="v">Newspapers.</subfield></datafield><datafield ind1=" " ind2="0" tag="651"><subfield code="a">Lake County (Fla.)</subfield><subfield code="v">Newspapers.</subfield></datafield><datafield ind1=" " ind2="0" tag="651"><subfield code="a">Gainesville (Fla.)</subfield><subfield code="v">Newspapers.</subfield></datafield><datafield ind1=" " ind2="0" tag="651"><subfield code="a">Alachua County (Fla.)</subfield><subfield code="v">Newspapers.</subfield></datafield><datafield ind1=" " ind2="0" tag="651"><subfield code="a">Tallahassee (Fla.)</subfield><subfield code="v">Newspapers.</subfield></datafield><datafield ind1=" " ind2="0" tag="651"><subfield code="a">Leon County (Fla.)</subfield><subfield code="v">Newspapers.</subfield></datafield><datafield ind1=" " ind2="0" tag="651"><subfield code="a">Live Oak (Fla.)</subfield><subfield code="v">Newspapers.</subfield></datafield><datafield ind1=" " ind2="0" tag="651"><subfield code="a">Suwannee County (Fla.)</subfield><subfield code="v">Newspapers.</subfield></datafield><datafield ind1=" " ind2="0" tag="651"><subfield code="a">Jacksonville (Fla.)</subfield><subfield code="v">Newspapers.</subfield></datafield><datafield ind1=" " ind2="0" tag="651"><subfield code="a">Duval County (Fla.)</subfield><subfield code="v">Newspapers.</subfield></datafield><datafield ind1=" " ind2="0" tag="651"><subfield code="a">Lakeland (Fla.)</subfield><subfield code="v">Newspapers.</subfield></datafield><datafield ind1=" " ind2="0" tag="651"><subfield code="a">Polk County (Fla.)</subfield><subfield code="v">Newspapers.</subfield></datafield><datafield ind1=" " ind2="7" tag="655"><subfield code="a">Newspapers.</subfield><subfield code="2">fast</subfield><subfield code="0">(OCoLC)fst01423814</subfield></datafield><datafield ind1=" " ind2="7" tag="650"><subfield code="a">Methodists.</subfield><subfield code="2">fast</subfield><subfield code="0">(OCoLC)fst01018703</subfield></datafield><datafield ind1=" " ind2="7" tag="651"><subfield code="a">Florida.</subfield><subfield code="2">fast</subfield><subfield code="0">(OCoLC)fst01205150</subfield></datafield><datafield ind1=" " ind2="7" tag="651"><subfield code="a">Florida</subfield><subfield code="z">Alachua County.</subfield><subfield code="2">fast</subfield><subfield code="0">(OCoLC)fst01214687</subfield></datafield><datafield ind1=" " ind2="7" tag="651"><subfield code="a">Florida</subfield><subfield code="z">Duval County.</subfield><subfield code="2">fast</subfield><subfield code="0">(OCoLC)fst01205260</subfield></datafield><datafield ind1=" " ind2="7" tag="651"><subfield code="a">Florida</subfield><subfield code="z">Gainesville.</subfield><subfield code="2">fast</subfield><subfield code="0">(OCoLC)fst01207243</subfield></datafield><datafield ind1=" " ind2="7" tag="651"><subfield code="a">Florida</subfield><subfield code="z">Jacksonville.</subfield><subfield code="2">fast</subfield><subfield code="0">(OCoLC)fst01205259</subfield></datafield><datafield ind1=" " ind2="7" tag="651"><subfield code="a">Florida</subfield><subfield code="z">Lake County.</subfield><subfield code="2">fast</subfield><subfield code="0">(OCoLC)fst01211152</subfield></datafield><datafield ind1=" " ind2="7" tag="651"><subfield code="a">Florida</subfield><subfield code="z">Lakeland.</subfield><subfield code="2">fast</subfield><subfield code="0">(OCoLC)fst01216466</subfield></datafield><datafield ind1=" " ind2="7" tag="651"><subfield code="a">Florida</subfield><subfield code="z">Leesburg.</subfield><subfield code="2">fast</subfield><subfield code="0">(OCoLC)fst01216269</subfield></datafield><datafield ind1=" " ind2="7" tag="651"><subfield code="a">Florida</subfield><subfield code="z">Leon County.</subfield><subfield code="2">fast</subfield><subfield code="0">(OCoLC)fst01206533</subfield></datafield><datafield ind1=" " ind2="7" tag="651"><subfield code="a">Florida</subfield><subfield code="z">Live Oak.</subfield><subfield code="2">fast</subfield><subfield code="0">(OCoLC)fst01215211</subfield></datafield><datafield ind1=" " ind2="7" tag="651"><subfield code="a">Florida</subfield><subfield code="z">Polk County.</subfield><subfield code="2">fast</subfield><subfield code="0">(OCoLC)fst01214944</subfield></datafield><datafield ind1=" " ind2="7" tag="651"><subfield code="a">Florida</subfield><subfield code="z">Sanford.</subfield><subfield code="2">fast</subfield><subfield code="0">(OCoLC)fst01218546</subfield></datafield><datafield ind1=" " ind2="7" tag="651"><subfield code="a">Florida</subfield><subfield code="z">Seminole County.</subfield><subfield code="2">fast</subfield><subfield code="0">(OCoLC)fst01210831</subfield></datafield><datafield ind1=" " ind2="7" tag="651"><subfield code="a">Florida</subfield><subfield code="z">Suwannee County.</subfield><subfield code="2">fast</subfield><subfield code="0">(OCoLC)fst01215228</subfield></datafield><datafield ind1=" " ind2="7" tag="651"><subfield code="a">Florida</subfield><subfield code="z">Tallahassee.</subfield><subfield code="2">fast</subfield><subfield code="0">(OCoLC)fst01206534</subfield></datafield><datafield ind1=" " ind2=" " tag="752"><subfield code="a">United States</subfield><subfield code="b">Florida</subfield><subfield code="c">Polk</subfield><subfield code="d">Lakeland.</subfield></datafield><datafield ind1=" " ind2=" " tag="752"><subfield code="a">United States</subfield><subfield code="b">Florida</subfield><subfield code="c">Seminole</subfield><subfield code="d">Sanford.</subfield></datafield><datafield ind1=" " ind2=" " tag="752"><subfield code="a">United States</subfield><subfield code="b">Florida</subfield><subfield code="c">Lake</subfield><subfield code="d">Leesburg.</subfield></datafield><datafield ind1=" " ind2=" " tag="752"><subfield code="a">United States</subfield><subfield code="b">Florida</subfield><subfield code="c">Alachua</subfield><subfield code="d">Gainesville.</subfield></datafield><datafield ind1=" " ind2=" " tag="752"><subfield code="a">United States</subfield><subfield code="b">Florida</subfield><subfield code="c">Leon</subfield><subfield code="d">Tallahassee.</subfield></datafield><datafield ind1=" " ind2=" " tag="752"><subfield code="a">United States</subfield><subfield code="b">Florida</subfield><subfield code="c">Suwannee</subfield><subfield code="d">Live Oak.</subfield></datafield><datafield ind1=" " ind2=" " tag="752"><subfield code="a">United States</subfield><subfield code="b">Florida</subfield><subfield code="c">Duval</subfield><subfield code="d">Jacksonville.</subfield></datafield><datafield ind1="0" ind2="0" tag="785"><subfield code="t">Florida advocate</subfield></datafield><datafield ind1=" " ind2=" " tag="850"><subfield code="a">FU</subfield></datafield><datafield ind1=" " ind2=" " tag="938"><subfield code="a">Kirtas Technologies, Inc.</subfield><subfield code="b">KRTS</subfield><subfield code="n">740160</subfield></datafield></record>